@Article{Allen-Pickering97,
  author =       "D.J. Allen and K.E. Pickering",
  title =        "An evaluation of deep convective mixing in the
                  {G}oddard {C}hemical {T}ransport {M}odel using
                  {I}nternational {S}atellite {C}loud {C}limatology
                  {P}roject cloud parameters",
  journal =      "J. Geo. Res.",
  year =         "1997",
  volume =       "102",
  number =       "D21",
  pages =        "25427-25476"
}

@Article{Considine-etal00,
  author = 	 "D.B. Considine and  A.R. Douglass and P.S. Connell
                  and D.E. Kinnison and D.A. Rotman",
  title = 	 "A polar stratospheric cloud parameterization for
                  the global modeling initiative three dimensional 
                  model and its response to stratospheric aircraft", 
  journal =	 "J. Geo. Res.", 
  year =         "2000",
  volume =       "105",
  number =       "D3",
  pages =        "3955-3973"
}

@unpublished{Considine-etal04,
  author =       "D.B. Considine and P.S. Connell and D.J. Bergmann 
                  and D.A. Rotman and S.E. Strahan", 
  title =        "Sensitivity of Global Modeling Initiative CTM
                  predictions of Anatatic ozone recovery to GCM 
                  and DAS generated meteorological fields",
  note =          "preprint"
}

@Article{Douglass-etal99,
  author =       "A.R. Douglass and M.J. Prather and T.M. Hall 
                  and S.E. Strahan and P.J. Rasch and L.C. Sparling
                  and L. Coy and J.M. Rodriguez", 
  title =        "Choosing meteorological input for the {G}lobal {M}odeling 
                  {I}nitiative assessment of high-speed aircraft", 
  journal =      "J. Geo. Res.",
  year =         "1999",
  volume =       "104",
  number =       "D22",
  pages =        "27545-27564"
}

@Article{Kinnison-etal01,
  author =       "D.E. Kinnison and P.S. Connell and J.M. Rodriguez
                  and D.A. Rotman and D.B. Considine and J. Tannahill
                  and R. Ramaroson and P.J. Rasch and A.R. Douglass
                  and S.L. Baughcum and L. Coy and D.W. Waugh and S.R. Kawa
                  and M.J. Prather",
  title =        "The {G}lobal {M}odeling {I}nitiative assessment model: 
                  application to high speed civil transport perturbation",
  journal =      "J. Geo. Res.",
  year =         "2001",
  volume =       "106",
  number =       "D2",
  pages =        "1693-1711"
}

@Techreport{Kouatchou-etal04,
  author =       "J. Kouatchou and B. Das. and H. Oloso",
  title =        "{G}lobal {M}odeling {I}nitiative: {T}utorial 
                  and {U}ser's {G}uide",
  year =         "2004",
  institution = " NASA/GSFC - SIVO",
  note =         "available at http://gmi.gsfc.nasa.gov/tutorial/index.html"
}

@Article{Meskhidze-etal07,
  author =       "N. Meskhidze and R.E.P. Sotiropoulou and A. Nenes and J. Kouatchou and 
                  B. Das and J. M. Rodriguez",
  title =        "Aerosol-cloud interactions in the {NASA GMI}: model development 
                  and indirect forcing assessments",
  journal =      "Atmos. Chem. Phys. Discuss.",
  year =         "2007",
  volume =       "7",
  pages =        "14295-14330"
}

@Article{Rotman-etal01,
  author =       "D.A. Rotman and J.R. Tannahill and D.E. Kinnison
                  and P.S. Connell and D. Bergmann and D. Proctor
                  and J.M. Rodriguez and S.J. Lin and R.B. Rood and  M.J. Prather
                  and P.J. Rasch and D.B. Considine and R. Ramaroson
                  and S.R. Kawa",
  title =        "The {G}lobal {M}odeling {I}nitiative assessment model: 
                  model description, integration, and testing of the transport", 
  journal =      "J. Geo. Res.",
  year =         "2001",
  volume =       "106",
  number =       "D2",
  pages =        "1669-1691"
}

@Article{Strahan-Duncan-Hoor07,
  author =       "S.E. Strahan and B.N. Duncan and P. Hoor",
  title =        "Observationally-derived diagnostics of transport in the 
                  lowermost stratosphere and their application to the {GMI} 
                  chemistry transport model", 
  journal =      "Atmos. Chem. Phys.",
  year =         "2007",
  volume =       "7",
  pages =        "2435-2445"
}
